@misc{test,
    author  = {BSI},
    year    = {},
    title   = {Spielregeln f√ºr digitale Sicherheit}
}
